@article{MeasureOperators,
    author = {Pertuz, Said and Puig, Domenec and Garc√≠a, Miguel},
    year = {2012},
    month = {11},
    pages = {},
    title = {Analysis of focus measure operators in shape-from-focus},
    volume = {46},
    journal = {Pattern Recognition},
    doi = {10.1016/j.patcog.2012.11.011}
}

@article{BestOperators,
    author = {OSIBOTE, O.A. and DENDERE, R. and KRISHNAN, S. and DOUGLAS, T.S.},
    title = {Automated focusing in bright-field microscopy for tuberculosis detection},
    journal = {Journal of Microscopy},
    volume = {240},
    number = {2},
    pages = {155-163},
    keywords = {Autofocusing, automated microscopy, focus measure, tuberculosis, Ziehl-Neelsen},
    doi = {10.1111/j.1365-2818.2010.03389.x},
    url = {https://onlinelibrary.wiley.com/doi/abs/10.1111/j.1365-2818.2010.03389.x},
    year = {2010}
}